@article{bartoli,
  author = "Alberto Bartoli",
  title = "Network architecture and ROA protection of government mail domains: A case study",
  journal = "Computer Communications",
  year = 2023,
  volume = "201",
  pages = "143--161",
  doi = "10.1016/j.comcom.2023.02.004",
}
@inproceedings{liu,
  author = "Enze Liu and Gautam Akiwate and Mattijs Jonker and Ariana Mirian and Stefan Savage and Geoffrey M. Voelker",
  title = "Who's Got Your Mail? Characterizing Mail Service Provider Usage",
  booktitle = "ACM Internet Measurement Conference (IMC '21)",
  year = 2021,
  month = nov,
  pages = 15,
  address = "Virtual Event, USA. ACM, New York, NY, USA",
  doi = "10.1145/3487552.3487820",
}
@misc{cisadomains,
  title = "List of Registered .gov Domains",
  howpublished = "\url{https://raw.githubusercontent.com/cisagov/dotgov-data/main/current-full.csv}",
  year = 2024,
  note = "Accessed: 2024-2-9",
}
